<record><leader>00000cas a22000007a 4500</leader><controlfield tag="001">10788451</controlfield><controlfield tag="008">840530c18uu9999gauwr ne      0   a0eng d</controlfield><datafield ind1=" " ind2=" " tag="010"><subfield code="a">sn 84005440 </subfield></datafield><datafield ind1=" " ind2=" " tag="040"><subfield code="a">NSD</subfield><subfield code="b">eng</subfield><subfield code="c">NSD</subfield><subfield code="d">NLG</subfield><subfield code="d">GUA</subfield><subfield code="d">OCLCQ</subfield><subfield code="d">OCLCF</subfield><subfield code="d">OCLCO</subfield></datafield><datafield ind1=" " ind2=" " tag="012"><subfield code="m">1</subfield></datafield><datafield ind1="1" ind2=" " tag="022"><subfield code="a">0747-3737</subfield><subfield code="l">0747-3737</subfield><subfield code="2">1</subfield></datafield><datafield ind1="1" ind2=" " tag="029"><subfield code="a">AU@</subfield><subfield code="b">000025951680</subfield></datafield><datafield ind1=" " ind2=" " tag="032"><subfield code="a">693440</subfield><subfield code="b">USPS</subfield></datafield><datafield ind1=" " ind2=" " tag="037"><subfield code="b">Wrightsville Headlight, West Elm St., Wrightsville, GA 31096</subfield></datafield><datafield ind1=" " ind2=" " tag="042"><subfield code="a">nsdp</subfield></datafield><datafield ind1=" " ind2=" " tag="043"><subfield code="a">n-us-ga</subfield></datafield><datafield ind1=" " ind2="4" tag="222"><subfield code="a">The Wrightsville headlight</subfield></datafield><datafield ind1="0" ind2="4" tag="245"><subfield code="a">The Wrightsville headlight.</subfield></datafield><datafield ind1="1" ind2="3" tag="246"><subfield code="a">Wrightsville headlight and the Johnson County news</subfield></datafield><datafield ind1=" " ind2=" " tag="260"><subfield code="a">Wrightsville, Ga. :</subfield><subfield code="b">Jon. M. Huff</subfield></datafield><datafield ind1=" " ind2=" " tag="300"><subfield code="a">v.</subfield></datafield><datafield ind1=" " ind2=" " tag="310"><subfield code="a">Weekly,</subfield><subfield code="b">Mar. 14, 1985-</subfield></datafield><datafield ind1=" " ind2=" " tag="321"><subfield code="a">Weekly,</subfield><subfield code="b">&lt;Jan. 3, 1901&gt;-Apr. 10, 1984</subfield></datafield><datafield ind1=" " ind2=" " tag="321"><subfield code="a">Semiweekly,</subfield><subfield code="b">Apr. 17, 1984-Mar. 7, 1985</subfield></datafield><datafield ind1=" " ind2=" " tag="500"><subfield code="a">Pub block has title Wrightsville headlight and the Johnson County news &lt;May 29, 1919&gt;-July 6, 1944.</subfield></datafield><datafield ind1=" " ind2=" " tag="530"><subfield code="a">Also on microfilm: Athens, Ga. : University of Georgia Libraries.</subfield></datafield><datafield ind1=" " ind2=" " tag="588"><subfield code="a">Description based on: Vol. 18, no. 44 (Jan. 3, 1901).</subfield></datafield><datafield ind1=" " ind2="0" tag="651"><subfield code="a">Wrightsville (Ga.)</subfield><subfield code="v">Newspapers.</subfield></datafield><datafield ind1=" " ind2="0" tag="651"><subfield code="a">Johnson County (Ga.)</subfield><subfield code="v">Newspapers.</subfield></datafield><datafield ind1=" " ind2="7" tag="655"><subfield code="a">Newspapers.</subfield><subfield code="2">fast</subfield><subfield code="0">(OCoLC)fst01423814</subfield></datafield><datafield ind1=" " ind2="7" tag="651"><subfield code="a">Georgia</subfield><subfield code="z">Johnson County.</subfield><subfield code="2">fast</subfield><subfield code="0">(OCoLC)fst01217794</subfield></datafield><datafield ind1=" " ind2="7" tag="651"><subfield code="a">Georgia</subfield><subfield code="z">Wrightsville.</subfield><subfield code="2">fast</subfield><subfield code="0">(OCoLC)fst01234914</subfield></datafield><datafield ind1=" " ind2=" " tag="752"><subfield code="a">United States</subfield><subfield code="b">Georgia</subfield><subfield code="c">Johnson</subfield><subfield code="d">Wrightsville.</subfield></datafield><datafield ind1="0" ind2="5" tag="780"><subfield code="t">Johnson County news (Wrightsville, Ga.)</subfield></datafield><datafield ind1=" " ind2=" " tag="936"><subfield code="a">Apr. 26, 1984</subfield></datafield></record>